
@article{jubery_dielectrophoretic_2014,
  title={Dielectrophoretic separation of bioparticles in microdevices: A review},
  author={Jubery, Talukder Z and Srivastava, Soumya K and Dutta, Prashanta},
  journal={Electrophoresis},
  volume={35},
  number={5},
  pages={691--713},
  year={2014},
  publisher={Wiley Online Library}
}

@article{shafiee_contactless_2009,
  title={Contactless dielectrophoresis: a new technique for cell manipulation},
  author={Shafiee, Hadi and Caldwell, John L and Sano, Michael B and Davalos, Rafael V},
  journal={Biomedical microdevices},
  volume={11},
  number={5},
  pages={997},
  year={2009},
  publisher={Springer}
}
@article{li_review_2014,
  title={A review of microfabrication techniques and dielectrophoretic microdevices for particle manipulation and separation},
  author={Li, Ming and Li, WH and Zhang, Jun and Alici, Gursel and Wen, Weijia},
  journal={Journal of Physics D: Applied Physics},
  volume={47},
  number={6},
  pages={063001},
  year={2014},
  publisher={IOP Publishing}
}

@article{kang_continuous_2006,
  title={Continuous separation of microparticles by size with Direct current-dielectrophoresis},
  author={Kang, Kwan Hyoung and Kang, Yuejun and Xuan, Xiangchun and Li, Dongqing},
  journal={Electrophoresis},
  volume={27},
  number={3},
  pages={694--702},
  year={2006},
  publisher={Wiley Online Library}
}

@article{huang_enrichment_2013,
  title={Enrichment of prostate cancer cells from blood cells with a hybrid dielectrophoresis and immunocapture microfluidic system},
  author={Huang, Chao and Liu, He and Bander, Neil H and Kirby, Brian J},
  journal={Biomedical microdevices},
  volume={15},
  number={6},
  pages={941--948},
  year={2013},
  publisher={Springer}
}

@article{becker_separation_1995,
  title={Separation of human breast cancer cells from blood by differential dielectric affinity},
  author={Becker, Frederick F and Wang, Xiao-Bo and Huang, Ying and Pethig, Ronald and Vykoukal, Jody and Gascoyne, PR},
  journal={Proceedings of the National Academy of Sciences},
  volume={92},
  number={3},
  pages={860--864},
  year={1995},
  publisher={National Acad Sciences}
}

@article{wu_dielectrophoretic_2012,
  title={Dielectrophoretic capture voltage spectrum for measurement of dielectric properties and separation of cancer cells},
  author={Wu, Liqun and Lanry Yung, Lin-Yue and Lim, Kian-Meng},
  journal={Biomicrofluidics},
  volume={6},
  number={1},
  pages={014113},
  year={2012},
  publisher={American Institute of Physics}
}

@article{cottet_mydep_2019,
  title={MyDEP: a new computational tool for dielectric modeling of particles and cells},
  author={Cottet, Jonathan and Fabregue, Olivier and Berger, Charles and Buret, Fran{\c{c}}ois and Renaud, Philippe and Fr{\'e}n{\'e}a-Robin, Marie},
  journal={Biophysical journal},
  volume={116},
  number={1},
  pages={12--18},
  year={2019},
  publisher={Elsevier}
}

@article{voldman_electrical_2006,
  title={Electrical forces for microscale cell manipulation},
  author={Voldman, Joel},
  journal={Annu. Rev. Biomed. Eng.},
  volume={8},
  pages={425--454},
  year={2006},
  publisher={Annual Reviews}
}

@article{ivory_direct_2011,
  title={Direct current dielectrophoretic simulation of proteins using an array of circular insulating posts},
  author={Ivory, Cornelius F and Srivastava, Soumya K},
  journal={Electrophoresis},
  volume={32},
  number={17},
  pages={2323--2330},
  year={2011},
  publisher={Wiley Online Library}
}

@article{pethig_review_2010,
  title={Review article dielectrophoresis: Status of the theory},
  author={Pethig, R},
  journal={Biomicrofluidics},
  volume={4},
  number={2},
  pages={022811},
  year={2010}
}

@article{pohl_dielectrophoretic_1978,
  title={Dielectrophoretic force: A comparison of theory and experiment},
  author={Pohl, HA and Pollock, K and Crane, JS},
  journal={Journal of Biological Physics},
  volume={6},
  number={3-4},
  pages={133--160},
  year={1978},
  publisher={Springer}
}

@article{castellanos_electrohydrodynamics_2003,
  title={Electrohydrodynamics and dielectrophoresis in microsystems: scaling laws},
  author={Castellanos, Antonio and Ramos, Antonio and Gonzalez, Antonio and Green, Nicolas G and Morgan, Hywel},
  journal={Journal of Physics D: Applied Physics},
  volume={36},
  number={20},
  pages={2584},
  year={2003},
  publisher={IOP Publishing}
}


@article{pohl_motion_1951,
  title={The motion and precipitation of suspensoids in divergent electric fields},
  author={Pohl, Herbert A},
  journal={Journal of Applied Physics},
  volume={22},
  number={7},
  pages={869--871},
  year={1951},
  publisher={American Institute of Physics}
}

@article{leman_droplet-based_2015,
  title={Droplet-based microfluidics at the femtolitre scale},
  author={Leman, Marie and Abouakil, Faris and Griffiths, Andrew D and Tabeling, Patrick},
  journal={Lab on a Chip},
  volume={15},
  number={3},
  pages={753--765},
  year={2015},
  publisher={Royal Society of Chemistry}
}

@article{zhang_dielectrophoresis_2010,
  title={Dielectrophoresis for manipulation of micro/nano particles in microfluidic systems},
  author={Zhang, Chen and Khoshmanesh, K and Mitchell, A and Kalantar-Zadeh, K},
  journal={Analytical and bioanalytical chemistry},
  volume={396},
  number={1},
  pages={401--420},
  year={2010},
  publisher={Springer}
}

@article{li_continuous_2007,
  title={Continuous dielectrophoretic cell separation microfluidic device},
  author={Li, Youlan and Dalton, Colin and Crabtree, H John and Nilsson, Gregory and Kaler, Karan VIS},
  journal={Lab on a Chip},
  volume={7},
  number={2},
  pages={239--248},
  year={2007},
  publisher={Royal Society of Chemistry}
}

@article{honegger_design_2009,
  title={Design and realization of a microfluidic system for dielectrophoretic colloidal handling},
  author={Honegger, T and Berton, K and Pinedo-Rivera, T and Peyrade, D},
  journal={Microelectronic engineering},
  volume={86},
  number={4-6},
  pages={1401--1403},
  year={2009},
  publisher={Elsevier}
}

@article{ahn_dielectrophoretic_2006,
  title={Dielectrophoretic manipulation of drops for high-speed microfluidic sorting devices},
  author={Ahn, Keunho and Kerbage, Charles and Hunt, Tom P and Westervelt, RM and Link, Darren R and Weitz, David A},
  journal={Applied Physics Letters},
  volume={88},
  number={2},
  pages={024104},
  year={2006},
  publisher={American Institute of Physics}
}


@article{morgan_single_2007,
  title={Single cell dielectric spectroscopy},
  author={Morgan, Hywel and Sun, Tao and Holmes, David and Gawad, Shady and Green, Nicolas G},
  journal={Journal of Physics D: Applied Physics},
  volume={40},
  number={1},
  pages={61},
  year={2006},
  publisher={IOP Publishing}
}

@article{sadeghian_interdigitated_2017,
  title={Interdigitated electrode design and optimization for dielectrophoresis cell separation actuators},
  author={Sadeghian, Hesam and Hojjat, Yousef and Soleimani, Masoud},
  journal={Journal of Electrostatics},
  volume={86},
  pages={41--49},
  year={2017},
  publisher={Elsevier}
}

@article{cetin_dielectrophoresis_2011,
  title={Dielectrophoresis in microfluidics technology},
  author={{\c{C}}etin, Barbaros and Li, Dongqing},
  journal={Electrophoresis},
  volume={32},
  number={18},
  pages={2410--2427},
  year={2011},
  publisher={Wiley Online Library}
}


@article{pashley2005gassed,
  title={De-gassed water is a better cleaning agent},
  author={Pashley, RM and Rzechowicz, Miles and Pashley, LR and Francis, MJ},
  journal={The Journal of Physical Chemistry B},
  volume={109},
  number={3},
  pages={1231--1238},
  year={2005},
  publisher={ACS Publications}
}

@article{borovsky,
  title={Development of microfluidics for sorting of carbon nanotubes},
  author={Borovský, Ján},
  journal={Research report/Department of Physics, University of Jyv{\"a}skyl{\"a}},
  number={2018, 11},
  year={2018},
  publisher={University of Jyv{\"a}skyl{\"a}}
}

@article{xia_soft_1998,
  title={Soft lithography},
  author={Xia, Younan and Whitesides, George M},
  journal={Annual review of materials science},
  volume={28},
  number={1},
  pages={153--184},
  year={1998},
  publisher={Annual Reviews 4139 El Camino Way, PO Box 10139, Palo Alto, CA 94303-0139, USA}
}

@article{ofner_high-throughput_2017,
  title={High-throughput step emulsification for the production of functional materials using a glass microfluidic device},
  author={Ofner, Alessandro and Moore, David G and R{\"u}hs, Patrick A and Schwendimann, Pascal and Eggersdorfer, Maximilian and Amstad, Esther and Weitz, David A and Studart, Andr{\'e} R},
  journal={Macromolecular chemistry and physics},
  volume={218},
  number={2},
  pages={1600472},
  year={2017},
  publisher={Wiley Online Library}
}



@incollection{tian2008introduction,
  title={Introduction to microfluidics},
  author={Tian, Wei-Chang and Finehout, Erin},
  booktitle={Microfluidics for biological applications},
  pages={1--34},
  year={2008},
  publisher={Springer}
}

@article{wilhelm_universal_2008,
  title={Universal cell labelling with anionic magnetic nanoparticles},
  author={Wilhelm, Claire and Gazeau, Florence},
  journal={Biomaterials},
  volume={29},
  number={22},
  pages={3161--3174},
  year={2008},
  publisher={Elsevier}
}

@article{lee_solvent_2003,
  title={Solvent compatibility of poly (dimethylsiloxane)-based microfluidic devices},
  author={Lee, Jessamine Ng and Park, Cheolmin and Whitesides, George M},
  journal={Analytical chemistry},
  volume={75},
  number={23},
  pages={6544--6554},
  year={2003},
  publisher={ACS Publications}
}

@article{zhang_towards_2015,
  title={Towards high-throughput microfluidic Raman-activated cell sorting},
  author={Zhang, Qiang and Zhang, Peiran and Gou, Honglei and Mou, Chunbo and Huang, Wei E and Yang, Menglong and Xu, Jian and Ma, Bo},
  journal={Analyst},
  volume={140},
  number={18},
  pages={6163--6174},
  year={2015},
  publisher={The Royal Society of Chemistry}
}

@article{stankova_optical_2016,
  title={Optical properties of polydimethylsiloxane (PDMS) during nanosecond laser processing},
  author={Stankova, NE and Atanasov, PA and Nikov, Ru G and Nikov, RG and Nedyalkov, NN and Stoyanchov, TR and Fukata, N and Kolev, KN and Valova, EI and Georgieva, JS and others},
  journal={Applied Surface Science},
  volume={374},
  pages={96--103},
  year={2016},
  publisher={Elsevier}
}

@article{takahashi_non-destructive_2004,
  title={Non-destructive on-chip cell sorting system with real-time microscopic image processing},
  author={Takahashi, Kazunori and Hattori, Akihiro and Suzuki, Ikurou and Ichiki, Takanori and Yasuda, Kenji},
  journal={Journal of nanobiotechnology},
  volume={2},
  number={1},
  pages={5},
  year={2004},
  publisher={BioMed Central}
}

@article{thomas_imagebased_2019,
  title={Image-based sorting and negative dielectrophoresis for high purity cell and particle separation},
  author={Thomas, Rupert SW and Mitchell, Peter D and Oreffo, Richard O C and Morgan, Hywel and Green, Nicolas G},
  journal={Electrophoresis},
  volume={40},
  number={20},
  pages={2718--2727},
  year={2019},
  publisher={Wiley Online Library}
}

@article{gervais_microfluidic_2011,
  title={Microfluidic chips for point-of-care immunodiagnostics},
  author={Gervais, Luc and De Rooij, Nico and Delamarche, Emmanuel},
  journal={Advanced materials},
  volume={23},
  number={24},
  pages={H151--H176},
  year={2011},
  publisher={Wiley Online Library}
}

@article{whitesides_origins_2006,
  title={The origins and the future of microfluidics},
  author={Whitesides, George M},
  journal={Nature},
  volume={442},
  number={7101},
  pages={368--373},
  year={2006},
  publisher={Nature Publishing Group}
}

@article{grover_monolithic_2003,
  title={Monolithic membrane valves and diaphragm pumps for practical large-scale integration into glass microfluidic devices},
  author={Grover, William H and Skelley, Alison M and Liu, Chung N and Lagally, Eric T and Mathies, Richard A},
  journal={Sensors and Actuators B: Chemical},
  volume={89},
  number={3},
  pages={315--323},
  year={2003},
  publisher={Elsevier}
}

@article{effenhauser_high-speed_1994,
  title={High-speed separation of antisense oligonucleotides on a micromachined capillary electrophoresis device},
  author={Effenhauser, Carlo S and Paulus, Aran and Manz, Andreas and Widmer, H Michael},
  journal={Analytical Chemistry},
  volume={66},
  number={18},
  pages={2949--2953},
  year={1994},
  publisher={ACS Publications}
}

@article{edd_microfluidic_2020,
  title={Microfluidic concentration and separation of circulating tumor cell clusters from large blood volumes},
  author={Edd, Jon F and Mishra, Avanish and Dubash, Taronish D and Herrera, Stefan and Mohammad, Ridhwan and Williams, E Kendall and Hong, Xin and Mutlu, Baris R and Walsh, John R and de Carvalho, Fernanda Machado and others},
  journal={Lab on a Chip},
  year={2020},
  publisher={Royal Society of Chemistry}
}


@book{franssila2010introduction,
  title={Introduction to microfabrication},
  author={Franssila, Sami},
  year={2010},
  publisher={John Wiley \& Sons}
}

@article{klug2013chemical,
  title={Chemical and electrochemical oxidation of silicon surfaces functionalized with APTES: the role of surface roughness in the AuNPs anchoring kinetics},
  author={Klug, Joaqu{\'\i}n and Pérez, Luis A and Coronado, Eduardo A and Lacconi, Gabriela I},
  journal={The Journal of Physical Chemistry C},
  volume={117},
  number={21},
  pages={11317--11327},
  year={2013},
  publisher={ACS Publications}
}

@article{lazauskas2012float,
  title={Float glass surface preparation methods for improved chromium film adhesive bonding},
  author={Lazauskas, Algirdas and Grigali{\=u}nas, Viktoras},
  journal={Materials Science},
  volume={18},
  number={2},
  pages={181--186},
  year={2012}
}

@article{ohring1992materials,
  title={Materials science of thin films},
  author={Ohring, Milton},
  journal={Applied Optics},
  volume={31},
  number={34},
  pages={95-144},
  year={1992},
  publisher={Elsevier}
}

@inproceedings{chen2013study,
  title={Study of glass metallization and adhesion evaluation for TGV application},
  author={Chen, Le and Wang, Qian and Cai, Jian and Ma, Guangrui and Hu, Yang and Lee, Taekoo},
  booktitle={2013 14th International Conference on Electronic Packaging Technology},
  pages={217--220},
  year={2013},
  organization={IEEE}
}

@book{lee2010microfabrication,
  title={Microfabrication for microfluidics},
  author={Lee, Sang-Joon John and Sundararajan, Narayanan},
  year={2010},
  publisher={Artech house}
}

@article{oatley1982early,
  title={The early history of the scanning electron microscope},
  author={Oatley, CW},
  journal={Journal of Applied Physics},
  volume={53},
  number={2},
  pages={R1--R13},
  year={1982},
  publisher={American Institute of Physics}
}

@Inbook{EBL_GOOD,
editor="Bhushan, Bharat",
title="E-Beam Lithography (EBL)",
bookTitle="Encyclopedia of Nanotechnology",
year="2016",
publisher="Springer Netherlands",
address="Dordrecht",
pages="901--901",
doi="10.1007/978-94-017-9780-1_100268",
}

@incollection{moore_degradation_1991,
  title={Degradation of poly (methyl methacrylate) deep UV, X-ray, electron-beam, and proton-beam irradiation},
  author={Moore, JA and Choi, Jin O},
  year={1991},
  publisher={ACS Publications}
}


@article{williams2003etch,
  title={Etch rates for micromachining processing-Part II},
  author={Williams, Kirt R and Gupta, Kishan and Wasilik, Matthew},
  journal={Journal of microelectromechanical systems},
  volume={12},
  number={6},
  pages={761--778},
  year={2003},
  publisher={IEEE}
}

@inproceedings{etch_formula,
  author={D. J. {Monk} and D. S. {Soane} and R. T. {Howe}},
  title={A diffusion/chemical reaction model for HE etching of LPCVD phosphosilicate glass sacrificial layers},
  author={Monk, DJ and Soane, DS and Howe, RT},
  booktitle={Technical Digest IEEE Solid-State Sensor and Actuator Workshop},
  pages={46--49},
  year={1992},
  organization={IEEE}
}


@article{lin2001fast,
  title={A fast prototyping process for fabrication of microfluidic systems on soda-lime glass},
  author={Lin, Che-Hsin and Lee, Gwo-Bin and Lin, Yen-Heng and Chang, Guan-Liang},
  journal={Journal of Micromechanics and Microengineering},
  volume={11},
  number={6},
  pages={726},
  year={2001},
  publisher={IOP Publishing}
}

@article{iliescu2005characterization,
  title={Characterization of masking layers for deep wet etching of glass in an improved HF/HCl solution},
  author={Iliescu, Ciprian and Jing, Ji and Tay, Francis EH and Miao, Jianmin and Sun, Tietun},
  journal={Surface and Coatings Technology},
  volume={198},
  number={1-3},
  pages={314--318},
  year={2005},
  publisher={Elsevier}
}
@article{tay2006defect,
  title={Defect-free wet etching through pyrex glass using Cr/Au mask},
  author={Tay, Francis EH and Iliescu, Ciprian and Jing, Ji and Miao, Jianmin},
  journal={Microsystem technologies},
  volume={12},
  number={10-11},
  pages={935--939},
  year={2006},
  publisher={Springer}
}
@inproceedings{Hgglund2013CharacterizationOM,
  title={Characterization of masking layers for deep wet etching in borofloat glass},
  author={Victor H{\"a}gglund},
  year={2013}
}

@article{iliescu2008wet,
  title={On the wet etching of Pyrex glass},
  author={Iliescu, Ciprian and Chen, Bangtao and Miao, Jianmin},
  journal={Sensors and actuators A: Physical},
  volume={143},
  number={1},
  pages={154--161},
  year={2008},
  publisher={Elsevier}
}


@inproceedings{guanglong2012microfluidic,
  title={Microfluidic Chips Etching Process on Soda-lime Glass},
  author={Guanglong, Wang and Qichang, Li and Yu, Dong and Jianhui, Chen and Fengqi, Gao and Shanshan, Zhang},
  booktitle={Proceedings of the 1st International Conference on Mechanical Engineering and Material Science},
  year={2012},
  organization={Atlantis Press}
}

@article{srivannavit2004design,
  title={Design and fabrication of microwell array chips for a solution-based, photogenerated acid-catalyzed parallel oligonuclotide DNA synthesis},
  author={Srivannavit, Onnop and Gulari, Mayurachat and Gulari, Erdogan and LeProust, Eric and Pellois, Jean Philippe and Gao, Xiaolian and Zhou, Xiaochuan},
  journal={Sensors and Actuators A: Physical},
  volume={116},
  number={1},
  pages={150--160},
  year={2004},
  publisher={Elsevier}
}

@article{park2017review,
  title={A review of wet chemical etching of glasses in hydrofluoric acid based solution for thin film silicon solar cell application},
  author={Park, Hyeongsik and Cho, Jae Hyun and Jung, Jun Hee and Duy, Pham Phong and Le, Anh Huy Tuan and Yi, Junsin},
  journal={Current Photovoltaic Research},
  volume={5},
  number={3},
  pages={75--82},
  year={2017}
}

@online{Soda_lime_ONLINE,
  author = {Thermo Scientific},
  title = {Soda-lime microscope slides composition},
  year = 2015,
  url = {https://assets.thermofisher.com/TFS-Assets/APD/brochures/objekttraeger_uk_0715_0209.pdf},
  urldate = {2020-04-21}
}

@article{iliescu2012practical,
  title={A practical guide for the fabrication of microfluidic devices using glass and silicon},
  author={Iliescu, Ciprian and Taylor, Hayden and Avram, Marioara and Miao, Jianmin and Franssila, Sami},
  journal={Biomicrofluidics},
  volume={6},
  number={1},
  pages={016505},
  year={2012},
  publisher={American Institute of Physics}
}

@article{chen2009thermal,
  title={Thermal assisted direct bonding between structured glasses for lab-on-chip technology},
  author={Chen, Qiuping and Chen, Qiuling and Milanese, Daniel and Ferraris, Monica},
  journal={Microsystem technologies},
  volume={15},
  number={12},
  pages={1873},
  year={2009},
  publisher={Springer}
}

@Inbook{Franssila2008,
author="Franssila, Sami
and Sainiemi, Lauri",
editor="Li, Dongqing",
title="Reactive Ion Etching (RIE)",
bookTitle="Encyclopedia of Microfluidics and Nanofluidics",
year="2008",
publisher="Springer US",
pages="1772--1781",
doi="10.1007/978-0-387-48998-8_1344",
}

@article{plach2013mechanisms,
  title={Mechanisms for room temperature direct wafer bonding},
  author={Plach, Thomas and Hingerl, K and Tollabimazraehno, S and Hesser, G and Dragoi, V and Wimplinger, M},
  journal={Journal of Applied Physics},
  volume={113},
  number={9},
  pages={094905},
  year={2013},
  publisher={American Institute of Physics}
}

@inproceedings{poulsen2003towards,
  title={Towards a microscopic understanding of plasma activated bonding},
  author={Poulsen, M and Egebjerg, A and Bunk, O and Nielsen, M and Nielsen, MM and Feidenhans, R and Jensen, F},
  booktitle={Proceedings-Electrochemical Society},
  pages={248--258},
  year={2003},
  organization={Electrochemical Society}
}

@article{sciambi2015accurate,
  title={Accurate microfluidic sorting of droplets at 30 kHz},
  author={Sciambi, Adam and Abate, Adam R},
  journal={Lab on a Chip},
  volume={15},
  number={1},
  pages={47--51},
  year={2015},
  publisher={Royal Society of Chemistry}
}
@online{piranha2014,
  title  = "Piranha cleaning - glass surfaces",
  author = "Moran-Mirabal",
  year = 2014,
  url = {https://www.chemistry.mcmaster.ca/moran-mirabal/resources/PIRANHA-CLEAN-5-2014.pdf},
  urldate = {2020-04-10}
}

@book{tong1999semiconductor,
  title={Semiconductor wafer bonding: science and technology},
  author={Tong, Q-Y and Goesele, Ulrich},
  year={1999},
  publisher={John Wiley}
}

@article{chen2009thermal,
  title={Thermal assisted direct bonding between structured glasses for lab-on-chip technology},
  author={Chen, Qiuping and Chen, Qiuling and Milanese, Daniel and Ferraris, Monica},
  journal={Microsystem technologies},
  volume={15},
  number={12},
  pages={1873},
  year={2009},
  publisher={Springer}
}

@article{suha,
  title={Fabrication of microfluidic devices through deep wet etching},
  author={{\"O}{\c{c}}al, S{\"u}ha},
  year={2019}
}
@inproceedings{Hgglund2013CharacterizationOM,
  title={Characterization of masking layers for deep wet etching in borofloat glass},
  author={Victor H{\"a}gglund},
  year={2013}
}

@article{bu2004new,
  title={A new masking technology for deep glass etching and its microfluidic application},
  author={Bu, Minqiang and Melvin, Tracy and Ensell, Graham J and Wilkinson, James S and Evans, Alan GR},
  journal={Sensors and Actuators A: Physical},
  volume={115},
  number={2-3},
  pages={476--482},
  year={2004},
  publisher={Elsevier}
}
@inproceedings{iliescu2005THOROUGH,
  title={Wet etching of glass},
  author={Iliescu, Ciprian and Tay, Francis EH},
  booktitle={CAS 2005 Proceedings. 2005 International Semiconductor Conference, 2005.},
  volume={1},
  pages={35--44},
  year={2005},
  organization={IEEE}
}
@article{williams2003etch,
  title={Etch rates for micromachining processing-Part II},
  author={Williams, Kirt R and Gupta, Kishan and Wasilik, Matthew},
  journal={Journal of microelectromechanical systems},
  volume={12},
  number={6},
  pages={761--778},
  year={2003},
  publisher={IEEE}
}

@article{tan2008fundamentals,
  title={Fundamentals of adhesion failure for a model adhesive (PMMA/Glass) joint in humid environments},
  author={Tan, Kar Tean and White, CC and Hunston, DL and Clerici, C and Steffens, KL and Goldman, J and Vogt, BD},
  journal={The Journal of Adhesion},
  volume={84},
  number={4},
  pages={339--367},
  year={2008},
  publisher={Taylor \& Francis}
}

@article{huang2003effect,
  title={Effect of annealing on the characteristics of Au/Cr bilayer films grown on glass},
  author={Huang, Yan and Qiu, Hong and Wang, Fengping and Pan, Liqing and Tian, Yue and Wu, Ping},
  journal={Vacuum},
  volume={71},
  number={4},
  pages={523--528},
  year={2003},
  publisher={Elsevier}
}

@article{tisone1972diffusion,
  title={Diffusion in thin film Ti--Au, Ti--Pd, and Ti--Pt couples},
  author={Tisone, TC and Drobek, J},
  journal={Journal of Vacuum Science and Technology},
  volume={9},
  number={1},
  pages={271--275},
  year={1972},
  publisher={American Vacuum Society}
}

@book{bruus2008theoretical,
  title={Theoretical microfluidics},
  author={Bruus, Henrik},
  volume={18},
  year={2008},
  publisher={Oxford university press Oxford}
}

@article{toseland2013fluorescent,
  title={Fluorescent labeling and modification of proteins},
  author={Toseland, Christopher P},
  journal={Journal of chemical biology},
  volume={6},
  number={3},
  pages={85--95},
  year={2013},
  publisher={Springer}
}
@article{warburg1927metabolism,
  title={The metabolism of tumors in the body},
  author={Warburg, Otto and Wind, Franz and Negelein, Erwin},
  journal={The Journal of general physiology},
  volume={8},
  number={6},
  pages={519},
  year={1927},
  publisher={The Rockefeller University Press}
}

@article{cai20132,
  title={2-NBDG fluorescence imaging of hypermetabolic circulating tumor cells in mouse xenograft model of breast cancer},
  author={Cai, Huawei and Peng, Fangyu},
  journal={Journal of fluorescence},
  volume={23},
  number={1},
  pages={213--220},
  year={2013},
  publisher={Springer}
}

@article{tian2018handy,
  title={A handy liquid metal based non-invasive electrophoretic particle microtrap},
  author={Tian, Lu and Zhang, Lunjia and Gao, Meng and Deng, Zhongshan and Gui, Lin},
  journal={Micromachines},
  volume={9},
  number={5},
  pages={221},
  year={2018},
  publisher={Multidisciplinary Digital Publishing Institute}
}


@Book{Duf13,
  author = 	 {John A. Duffie and William A. Beckman},
  title = 	 {Solar engineering of thermal processes},
  publisher = 	 {John Wiley \& Sons},
  year = 	 {2013},
  edition = 	 {4},
  note = 	 {Saatavilla: Ebrary e-Book Collection, \url{www.ebrary.com}. Viitattu 11.2.2015}
}
